@inproceedings{matos2015epto,
  title={EpTO: An Epidemic Total Order Algorithm for Large-Scale Distributed Systems},
  author={Matos, Miguel and Mercier, Hugues and Felber, Pascal and Oliveira, Rui and Pereira, Jos{\'e}},
  booktitle={Proceedings of the 16th Annual Middleware Conference},
  pages={100--111},
  year={2015},
  organization={ACM}
}