@inproceedings{matos2015epto,
  title="{EpTO}: An Epidemic Total Order Algorithm for Large-Scale Distributed Systems",
  author={Matos, Miguel and Mercier, Hugues and Felber, Pascal and Oliveira, Rui and Pereira, Jos{\'e}},
  booktitle={Proceedings of the 16th Annual Middleware Conference},
  pages={100--111},
  year={2015},
  organization={ACM}
}
@online{jgroups,
  title = " {JGroups} - A Toolkit for Reliable Messaging ",
  url = {http://jgroups.org/},
  date = {2016},
  urldate = {2016-12-23}
}

@online{bnb,
	title = " Balls-and-Bins figure ",
	url = "https://ned.ipac.caltech.edu/level5/Berg/Berg2.html",
	date = {2016},
	urldate = "2016-12-30"
}

@online{opennebula,
  title = " {OpenNebula} : The Simplest Cloud Management Experience ",
  url = {https://opennebula.org/},
  date = {2016},
  urldate = {2016-12-23}
}

@online{docker,
  title = " {Docker} : An open platform for distributed applications for developers and sysadmins",
  url = {https://www.docker.com/},
  date = {2016},
  urldate = {2016-12-23}
}

@article{lamport1978time,
  title={Time, clocks, and the ordering of events in a distributed system},
  author={Lamport, Leslie},
  journal={Communications of the ACM},
  volume={21},
  number={7},
  pages={558--565},
  year={1978},
  publisher={ACM}
}

@INPROCEEDINGS{Koldehofe02simplegossiping,
    author = {Boris Koldehofe},
    title = {Simple gossiping with balls and bins},
    booktitle = {Studia Informatica Universalis},
    year = {2002},
    pages = {109--118}
}

@article{defago2004total,
  title={Total order broadcast and multicast algorithms: Taxonomy and survey},
  author={D{\'e}fago, Xavier and Schiper, Andr{\'e} and Urb{\'a}n, P{\'e}ter},
  journal={ACM Computing Surveys (CSUR)},
  volume={36},
  number={4},
  pages={372--421},
  year={2004},
  publisher={ACM}
}

@article{birman1999bimodal,
  title={Bimodal multicast},
  author={Birman, Kenneth P and Hayden, Mark and Ozkasap, Oznur and Xiao, Zhen and Budiu, Mihai and Minsky, Yaron},
  journal={ACM Transactions on Computer Systems (TOCS)},
  volume={17},
  number={2},
  pages={41--88},
  year={1999},
  publisher={ACM}
}

@inproceedings{carvalho2007emergent,
  title={Emergent structure in unstructured epidemic multicast},
  author={Carvalho, Nuno and Pereira, Jose and Oliveira, Rui and Rodrigues, Luis},
  booktitle={Dependable Systems and Networks, 2007. DSN'07. 37th Annual IEEE/IFIP International Conference on},
  pages={481--490},
  year={2007},
  organization={IEEE}
}

@inproceedings{demers1987epidemic,
  title={Epidemic algorithms for replicated database maintenance},
  author={Demers, Alan and Greene, Dan and Hauser, Carl and Irish, Wes and Larson, John and Shenker, Scott and Sturgis, Howard and Swinehart, Dan and Terry, Doug},
  booktitle={Proceedings of the sixth annual ACM Symposium on Principles of distributed computing},
  pages={1--12},
  year={1987},
  organization={ACM}
}

@inproceedings{vaucher2016erasure,
author={Sebastien Vaucher and Hugues Mercier and Valerio Schiavoni},
booktitle={2016 IEEE 35th Symposium on Reliable Distributed Systems Workshops (SRDSW)},
title={Have a Seat on the ErasureBench: Easy Evaluation of Erasure Coding Libraries for Distributed Storage Systems},
year={2016},
pages={55--60},
}

@article{eugster2003lightweight,
  title={Lightweight probabilistic broadcast},
  author={Eugster, P Th and Guerraoui, Rachid and Handurukande, Sidath B and Kouznetsov, Petr and Kermarrec, A-M},
  journal={ACM Transactions on Computer Systems (TOCS)},
  volume={21},
  number={4},
  pages={341--374},
  year={2003},
  publisher={ACM}
}

@inproceedings{felber2002probabilistic,
  title={Probabilistic atomic broadcast},
  author={Felber, Pascal and Pedone, Fernando},
  booktitle={Reliable Distributed Systems, 2002. Proceedings. 21st IEEE Symposium on},
  pages={170--179},
  year={2002},
  organization={IEEE}
}

@techreport{hayden1996probabilistic,
  title={Probabilistic broadcast},
  author={Hayden, Mark and Birman, Kenneth},
  year={1996},
  institution={Cornell University}
}

@incollection{kim2004gossip,
  title={Gossip based causal order broadcast algorithm},
  author={Kim, ChaYoung and Ahn, JinHo and Hwang, ChongSun},
  booktitle={Computational Science and Its Applications--ICCSA 2004},
  pages={233--242},
  year={2004},
  publisher={Springer}
}

@article{chandra1996weakest,
  title={The weakest failure detector for solving consensus},
  author={Chandra, Tushar Deepak and Hadzilacos, Vassos and Toueg, Sam},
  journal={Journal of the ACM (JACM)},
  volume={43},
  number={4},
  pages={685--722},
  year={1996},
  publisher={ACM}
}

@article{chandra1996unreliable,
  title={Unreliable failure detectors for reliable distributed systems},
  author={Chandra, Tushar Deepak and Toueg, Sam},
  journal={Journal of the ACM (JACM)},
  volume={43},
  number={2},
  pages={225--267},
  year={1996},
  publisher={ACM}
}

@article{Voulgaris2005,
  author="Voulgaris, Spyros
  and Gavidia, Daniela
  and van Steen, Maarten",
  title="CYCLON: Inexpensive Membership Management for Unstructured P2P Overlays",
  journal="Journal of Network and Systems Management",
  year="2005",
  volume="13",
  number="2",
  pages="197--217",
  issn="1573-7705",
  doi="10.1007/s10922-005-4441-x",
  url="http://dx.doi.org/10.1007/s10922-005-4441-x"
}

@inproceedings{Maia2011,
 author = {Maia, Francisco and Matos, Miguel and Pereira, Jos{\'e} and Oliveira, Rui},
 title = {Worldwide Consensus},
 booktitle = {Proceedings of the 11th IFIP WG 6.1 International Conference on Distributed Applications and Interoperable Systems},
 series = {DAIS'11},
 year = {2011},
 isbn = {978-3-642-21386-1},
 location = {Reykjavik, Iceland},
 pages = {257--269},
 url = {http://dl.acm.org/citation.cfm?id=2022090.2022111},
 acmid = {2022111},
}

@inproceedings{Chandra2007,
 author = {Chandra, Tushar D. and Griesemer, Robert and Redstone, Joshua},
 title = {Paxos Made Live: An Engineering Perspective},
 booktitle = {Proceedings of the Twenty-sixth Annual ACM Symposium on Principles of Distributed Computing},
 series = {PODC '07},
 year = {2007},
 isbn = {978-1-59593-616-5},
 location = {Portland, Oregon, USA},
 pages = {398--407},
 url = {http://doi.acm.org/10.1145/1281100.1281103},
 doi = {10.1145/1281100.1281103},
 acmid = {1281103},
 publisher = {ACM},
} 

@inproceedings{Leonini2009,
 author = {Leonini, Lorenzo and Rivi\`{e}re, \'{E}tienne and Felber, Pascal},
 title = {SPLAY: Distributed Systems Evaluation Made Simple (or How to Turn Ideas into Live Systems in a Breeze)},
 booktitle = {Proceedings of the 6th USENIX Symposium on Networked Systems Design and Implementation},
 series = {NSDI'09},
 year = {2009},
 location = {Boston, Massachusetts},
 pages = {185--198},
 url = {http://dl.acm.org/citation.cfm?id=1558977.1558990},
 acmid = {1558990},
} 

@online{udp-largecluster,
  title = "udp-largecluster.xml",
  url = {https://github.com/belaban/JGroups/blob/43852aa4329ad8abce72386f11c2c638ddb3d41d/conf/udp-largecluster.xml},
  date = {2017},
  urldate = {2017-01-12}
}

@online{tcpgossip,
  title = "udp-largecluster.xml",
  url = {http://www.jgroups.org/manual/html/user-advanced.html#TCPGOSSIP},
  date = {2017},
  urldate = {2017-01-12}
}
